
@online{poder360_intel_2022,
	title = {Intel e Samsung assinam acordo para fábrica de semicondutores},
	url = {https://www.poder360.com.br/brasil/intel-e-samsung-assinam-acordo-para-fabrica-de-semicondutores/},
	abstract = {Segundo o ministro Fábio Faria (Comunicações), o local no Brasil ainda não tem engenheiros suficientes. Leia no Poder360.},
	titleaddon = {Poder360},
	author = {Poder360},
	urldate = {2023-02-21},
	date = {2022-08-12},
	langid = {portuguese},
	file = {Snapshot:C\:\\Users\\danie\\Zotero\\storage\\8LV56NZS\\intel-e-samsung-assinam-acordo-para-fabrica-de-semicondutores.html:text/html},
}

@online{noauthor_ceitec_nodate,
	title = {{CEITEC} S.A},
	url = {http://www.ceitec-sa.com/pt},
	urldate = {2023-02-21},
	file = {CEITEC S.A:C\:\\Users\\danie\\Zotero\\storage\\C6NQFQ6N\\pt.html:text/html},
}

@online{noauthor_abisemi_nodate,
	title = {{ABISEMI}},
	url = {https://abisemi.org.br/abisemi/home},
	urldate = {2023-02-21},
	file = {ABISEMI:C\:\\Users\\danie\\Zotero\\storage\\7TQ9M9AV\\home.html:text/html},
}

@online{noauthor_fabricantes_nodate,
	title = {Fabricantes de Semicondutores no Brasil - Tech in Brazil},
	url = {https://techinbrazil.com.br/fabricantes-de-semicondutores-no-brasil},
	urldate = {2023-02-21},
	file = {Fabricantes de Semicondutores no Brasil - Tech in Brazil:C\:\\Users\\danie\\Zotero\\storage\\BNXX9DML\\fabricantes-de-semicondutores-no-brasil.html:text/html},
}

@thesis{filippin_estado_2016,
	location = {Campinas},
	title = {Estado e Desenvolvimento: a indústria de semicondutores no Brasil},
	url = {http://acervus.unicamp.br/index.asp?codigo_sophia=975641},
	shorttitle = {Estado e Desenvolvimento},
	institution = {Universidade Estadual de Campinas},
	type = {Mestra em Ciências Econômicas},
	author = {Filippin, Flávia},
	urldate = {2023-02-21},
	date = {2016-07-28},
	langid = {portuguese},
	doi = {10.47749/T/UNICAMP.2016.975641},
	file = {Filippin - 2016 - Estado e Desenvolvimento a indústria de semicondu.pdf:C\:\\Users\\danie\\Zotero\\storage\\RFVNA2ZI\\Filippin - 2016 - Estado e Desenvolvimento a indústria de semicondu.pdf:application/pdf},
}

@online{noauthor_vale_2022,
	title = {De Vale da Rapadura a Ilha do Silício, cidades competem por título de polo tecnológico brasileiro},
	url = {https://www1.folha.uol.com.br/mercado/2022/03/de-vale-da-rapadura-a-ilha-do-silicio-cidades-competem-por-titulo-de-polo-tecnologico-brasileiro.shtml},
	abstract = {Apesar dos apelidos, entrevistados negam a possibilidade de repetir ecossistema americano},
	titleaddon = {Folha de S.Paulo},
	urldate = {2023-02-21},
	date = {2022-03-05},
	langid = {brazil},
	note = {Section: Mercado},
	file = {Snapshot:C\:\\Users\\danie\\Zotero\\storage\\IDA92VUV\\de-vale-da-rapadura-a-ilha-do-silicio-cidades-competem-por-titulo-de-polo-tecnologico-brasileir.html:text/html},
}
